<record><leader>00000cas a22000007a 4500</leader><controlfield tag="001">15241733</controlfield><controlfield tag="008">870226d19611969inuwr ne      0    0eng d</controlfield><datafield ind1=" " ind2=" " tag="010"><subfield code="a">sn 87055141 </subfield></datafield><datafield ind1=" " ind2=" " tag="040"><subfield code="a">NPI</subfield><subfield code="b">eng</subfield><subfield code="c">NPI</subfield><subfield code="d">OCLCQ</subfield><subfield code="d">IUL</subfield><subfield code="d">OCLCF</subfield></datafield><datafield ind1=" " ind2=" " tag="042"><subfield code="a">msc</subfield></datafield><datafield ind1=" " ind2=" " tag="043"><subfield code="a">n-us-in</subfield></datafield><datafield ind1="0" ind2="0" tag="245"><subfield code="a">Covered bridge county news.</subfield></datafield><datafield ind1=" " ind2=" " tag="260"><subfield code="a">Montezuma, Ind. :</subfield><subfield code="b">Max and Ellen Harvey,</subfield><subfield code="c">1961-</subfield></datafield><datafield ind1=" " ind2=" " tag="300"><subfield code="a">8 volumes</subfield></datafield><datafield ind1=" " ind2=" " tag="310"><subfield code="a">Weekly</subfield></datafield><datafield ind1="0" ind2=" " tag="362"><subfield code="a">Vol. 1, no. 1 (Dec. 7, 1961)-v. 8, no. 13 (Apr. 24, 1969).</subfield></datafield><datafield ind1=" " ind2=" " tag="580"><subfield code="a">Formed by the union of: Pictorial press; Valley news; and: Turkey Run times.</subfield></datafield><datafield ind1=" " ind2="0" tag="651"><subfield code="a">Montezuma (Ind.)</subfield><subfield code="v">Newspapers.</subfield></datafield><datafield ind1=" " ind2="0" tag="651"><subfield code="a">Parke County (Ind.)</subfield><subfield code="v">Newspapers.</subfield></datafield><datafield ind1=" " ind2="7" tag="651"><subfield code="a">Indiana</subfield><subfield code="z">Montezuma.</subfield><subfield code="2">fast</subfield><subfield code="0">(OCoLC)fst01257061</subfield></datafield><datafield ind1=" " ind2="7" tag="651"><subfield code="a">Indiana</subfield><subfield code="z">Parke County.</subfield><subfield code="2">fast</subfield><subfield code="0">(OCoLC)fst01205295</subfield></datafield><datafield ind1=" " ind2="7" tag="655"><subfield code="a">Newspapers.</subfield><subfield code="2">fast</subfield><subfield code="0">(OCoLC)fst01423814</subfield></datafield><datafield ind1=" " ind2=" " tag="752"><subfield code="a">United States</subfield><subfield code="b">Indiana</subfield><subfield code="c">Parke</subfield><subfield code="d">Montezuma.</subfield></datafield><datafield ind1="1" ind2="4" tag="780"><subfield code="t">Pictorial press (Montezuma, Ind.)</subfield><subfield code="w">(DLC)sn 87055143</subfield><subfield code="w">(OCoLC)15241808</subfield></datafield><datafield ind1="1" ind2="4" tag="780"><subfield code="t">Valley news (Rosedale, Ind.)</subfield><subfield code="w">(DLC)sn 87055163</subfield><subfield code="w">(OCoLC)15238414</subfield></datafield><datafield ind1="1" ind2="4" tag="780"><subfield code="t">Turkey Run times</subfield></datafield></record>